@Book{xie2015,
  title = {Dynamic Documents with {R} and knitr},
  author = {Yihui Xie},
  publisher = {Chapman and Hall/CRC},
  address = {Boca Raton, Florida},
  year = {2015},
  edition = {2nd},
  note = {ISBN 978-1498716963},
  url = {http://yihui.org/knitr/},
}

@book{esa20102013,
	title = {European system of accounts - ESA 2010},
	author = {ESA 2010, },
	year = {2013},
	month = {12},
	date = {2013-12-04},
	publisher = {Eurostat},
	url = {http://ec.europa.eu/eurostat/documents/3859598/5925693/KS-02-13-269-EN.PDF/44cd9d01-bc64-40e5-bd40-d17df0c69334},
	address = {Luxembourg}
}

@book{burdzicka2019,
	title = {Rachunki narodowe wed{\l}ug sektorów i podsektorów instytucjonalnych 2014-2017},
	author = {Burdzicka, Monika and Cerling, Irmina and {Ga{\l}kowska}, Jolanta and Grabani, Monika and Kachniarz, Katarzyna and {Ka{\'{z}}mierska}, Marta and Buba, {Ma{\l}gorzata} and Kordas, {Ma{\l}gorzata} and Krawczyk, Piotr and Michalik, Daniel and Milewska, Anna and Perzyna, Anita and Sawicki, Karol and {Szcza{\l}uba}, Leokadia and {Szczerbi{\'{n}}ska}, Ewa and Wnuk, Zofia},
	year = {2019},
	date = {2019},
	publisher = {G{\l}ówny Urz{\k{a}}d Statystyczny},
	address = {Warszawa}
}

@article{copeland1949,
	title = {Social Accounting for Moneyflows},
	author = {Copeland, Morris A.},
	year = {1949},
	date = {1949},
	journal = {The Accounting Review},
	pages = {254--264},
	volume = {24},
	number = {3},
	url = {https://www.jstor.org/stable/240684}
}

@article{marczewski2006,
	title = {Rachunki finansowe sektorów instytucjonalnych gospodarki jako narz{\k{e}}dzia analizy makroekonomicznej},
	author = {Marczewski, Krzysztof},
	year = {2006},
	date = {2006},
	journal = {Prace i Materia{\l}y Instytutu Rozwoju Gospodarczego / Szko{\l}a G{\l}ówna Handlowa},
	pages = {138--166},
	number = {nr 78 Polityka stabilizacji, rozwoju i {\l}adu gospodarczego},
	url = {http://bazekon.icm.edu.pl/bazekon/element/bwmeta1.element.ekon-element-000171253033},
	langid = {PL}
}

@book{csizmady2016,
	title = {Papers presented during the Narodowy Bank Polski Workshop: Recent trends in the real estate market and its analysis - 2015 edition},
	author = {Csizmady, Adrienne and {Hegedüs}, {József} and {André}, Christophe and Elisabeth Beckmann,  and Hildebrandt, Antje and {Jäger-Gyovai}, Krisztina and Nierodka, Agnieszka and Schneider, Martin and Wagner, Karin and Karl, Guenter and {Leszczy{\'{n}}ski}, Robert and Cao, Jerry and Huang, Bihong and Lai, Rose Neng and Lux, Martin and Gibas, Petr and {Boumová}, Irena and {Hájek}, Martin and Silver, Mick and Nagy, Gyula and Erdem, Magdalena and Scatigna, Michela and {Hülagü}, Timur and {K{\i}z{\i}lkaya}, Erdi and Gencay, Ali and Tunar, {P{\i}nar} and Chen, Xi and Funke, Michael and Mehrhoff, Jens and Triebskorn, Elena and Augustyniak, Hanna and {{\L}aszek}, Jacek and Olszewski, Krzysztof and Waszczuk, Joanna},
	year = {2016},
	date = {2016},
	publisher = {Narodowy Bank Polski, Economic Research Department},
	url = {https://ideas.repec.org/b/nbp/nbpcha/2.html}
}
